% IMPORTANT: Latex special characters are: # $ % & \ ^ _ { } ~. To avoid mistakes when compiling the reference list try writing \ before. For: \ use \textbackslash ; for ^ \textasciitilde and ~ \textasciicircum.

% usage:
% - \parencite[prenote][postnote]{id}
% https://www.overleaf.com/learn/latex/How_to_Write_a_Thesis_in_LaTeX_(Part_4)%3A_Bibliographies_with_BibLaTeX

% @book{key,
%   author         = {},
%   title          = {},
%   edition        = {},
%   series         = {},
%   publisher      = {},
%   year           = {},
%   url            = {},
% }

% @article{key,
%   author          = {},
%   journal         = {},
%   number          = {},
%   title           = {},
%   volume          = {},
%   year            = {},
%   doi             = {},
% }

% @online{key,
%   author          = {},
%   title           = {},
%   year            = {},
%   url             = {},
%   urldate         = {},
% }

% @techreport{IEEE830-1984,
%   title       = {{IEEE Guide for Software Requirements Specifications}},
%   type        = {IEEE Std.},
%   number      = {830-1984},
%   year        = {1984},
%   institution = {Institute of Electrical and Electronics Engineers},
%   doi         = {10.1109/IEEESTD.1984.119205}
% }

@ARTICLE{LeyMoore,
  author={Moore, Gordon E.},
  journal={IEEE Solid-State Circuits Society Newsletter}, 
  title={Cramming more components onto integrated circuits, Reprinted from Electronics, volume 38, number 8, April 19, 1965, pp.114 ff.}, 
  year={2006},
  volume={11},
  number={3},
  pages={33-35},
  keywords={Integrated circuits;Computers;Silicon;Films;Heating;Microwave amplifiers;Data mining},
  doi={10.1109/N-SSC.2006.4785860}}


@online{WikipediaDebugger,
    title = {Debugger},
    author = {{Wikipedia contributors}},
    year = {2025},
    url = {https://en.wikipedia.org/w/index.php?title=Debugger&oldid=1278914632},
    urldate = {2025-03-09}
}

@inbook{ParallelismComputerArchitecture,
    author = {Hennessy, John L. and Patterson, David A.},
    title = {Chapter 3: Instruction-Level Parallelism and Its Exploitation},
    booktitle = {Computer Architecture: A Quantitative Approach},
    edition = {5th},
    publisher = {Morgan Kaufmann},
    year = {2011},
    chapter = {3},
}

@inbook{ParallelProgramming,
  author={Rauber, Thomas and R{\"u}nger, Gudula},
  booktitle={Parallel programming},
  title = {1. Introduction},
  year={2013},
  publisher={Springer},
  chapter = {1}
}

@online{UNIX,
    title = {The Creation of the UNIX* Operating System},
    author = {{Bell Labs}},
    year = {2014},
    url = {https://web.archive.org/web/20140328184730/http://www.bell-labs.com/history/unix/},
    urldate = {2025-03-13}

}

@article{EnergyEfficiencyParallelAplications,
  author={Holmbacka, Simon and Nogues, Erwan and Pelcat, Maxime and Lafond, Sébastien and Lilius, Johan},
  booktitle={Proceedings of the 2014 Conference on Design and Architectures for Signal and Image Processing}, 
  title={Energy efficiency and performance management of parallel dataflow applications}, 
  year={2014},
  volume={},
  number={},
  pages={1-8},
  keywords={Quality of service;Clocks;Parallel processing;Power dissipation;Mathematical model;Actuators;Hardware;Power manager;Multi-core;Application Parallelism;Dataflow framework},
  doi={10.1109/DASIP.2014.7115624}
}


@online{DebuggerVisualStudio,
    title = {First look at the debugger - Visual Studio},
    author = {{Microsoft}},
    year = {2025},
    url = {https://learn.microsoft.com/en-us/visualstudio/debugger/debugger-feature-tour?view=vs-2022},
    urldate = {2025-03-09}
}

@online{DebuggerEclipse,
    title = {Help - Eclipse Platform},
    author = {{Eclipse Foundation}},
    year = {2024},
    url = {https://help.eclipse.org/2024-12/index.jsp},
    urldate = {2025-03-09}
}

@online{GDB,
    title = {GDB Documentation},
    author = {{GDB developers}},
    year = {2025},
    url = {https://sourceware.org/gdb/},
    urldate = {2025-03-09}
}

@online{GDBDownload,
    title = {GDB Download},
    author = {{GDB developers}},
    year = {2025},
    url = {https://sourceware.org/gdb/download/},
    urldate = {2025-03-11}
}

@online{GDBPython,
    title = {GDB Python API (Debugging with GDB)},
    author = {{GDB developers}},
    year = {2025},
    url = {https://sourceware.org/gdb/current/onlinedocs/gdb.html/Python-API.html#Python-API},
    urldate = {2025-03-11}
}

@online {GDB/MI,
    title = {GDB/MI (Debugging with GDB)},
    author = {{GDB developers}},
    year = {2025},
    url = {https://sourceware.org/gdb/current/onlinedocs/gdb.html/GDB_002fMI.html},
    urldate = {2025-03-11}

}

@online{GDBReversing,
    title = {Reverse Execution (Debugging with GDB)},
    author = {{GDB developers}},
    year = {2025},
    url = {https://sourceware.org/gdb/current/onlinedocs/gdb.html/Reverse-Execution.html},
    urldate = {2025-03-11}
}

@article{Blink,
author = {Lee, Byeongcheol and Hirzel, Martin and Grimm, Robert and McKinley, Kathryn S.},
title = {Debug all your code: portable mixed-environment debugging},
year = {2009},
issue_date = {October 2009},
publisher = {Association for Computing Machinery},
address = {New York, NY, USA},
volume = {44},
number = {10},
issn = {0362-1340},
url = {https://doi.org/10.1145/1639949.1640105},
doi = {10.1145/1639949.1640105},
journal = {SIGPLAN Not.},
month = oct,
pages = {207–226},
numpages = {20},
keywords = {JNI, composition, foreign function interface}
}

@online{LLDB,
    title = {LLDB},
    author = {{LLDB developers}},
    year = {2025},
    url = {https://lldb.llvm.org/},
    urldate = {2025-03-09}
}

@online{LLDBWiki,
    title = {LLDB (Debuger) - Wikipedia},
    author = {{Wikipedia contributors}},
    year = {2025},
    url = {https://en.wikipedia.org/wiki/LLDB_(debugger)},
    urldate = {2025-03-12}
}

@online{LLDBPython,
    title = {LLDB Python API - LLDB},
    author = {{LLDB developers}},
    year = {2025},
    url = {https://lldb.llvm.org/python_api.html},
    urldate = {2025-03-12}
}    

@online{ClionDownload,
    title = {Download CLion: A Smart Cross-Platform IDE for C/C++},
    author = {{JetBrains}},
    year = {2025},
    url = {https://www.jetbrains.com/clion/download/#section=windows},
    urldate = {2025-03-10}
}

@online{ClionPrizing,
    title = {Buy Clion: Pricing and Licesing},
    author = {{JetBrains}},
    year = {2025},
    url = {https://www.jetbrains.com/clion/buy/?section=commercial&billing=yearly},
    urldate = {2025-03-10}
}

@online{ClionDebugger,
    title = {Debug | CLion Documentation},
    author = {{JetBrains}},
    year = {2025},
    url = {https://www.jetbrains.com/help/clion/debugging-code.html#starting_debug_session},
    urldate = {2025-03-10}
}

@online{ClionDebuggerToolWindow,
    title = {Debug Tool Window | CLion Documentation},
    author = {{JetBrains}},
    year = {2025},
    url = {https://www.jetbrains.com/help/clion/debug-tool-window.html},
    urldate = {2025-03-10}
}

@online{POSIX,
    title = {What is POSIX},
    author = {{IEEE and The Open Group}},
    year = {2018},
    url = {https://servicenow.iu.edu/kb?id=kb_article_view&sysparm_article=KB0024334},
    urldate = {2025-03-13}
}

@online{Helgrind,
    title = {Valgrind},
    author = {{Valgrind developers}},
    year = {2024},
    url = {https://valgrind.org/docs/manual/hg-manual.html},
    urldate = {2025-03-13}
}

@online{HelgrindUc3m,
    title = {17.2 Helgrind tool},
    author = {{Universidad Carlos III de Madrid}},
    url = {https://www.it.uc3m.es/pbasanta/asng/course_notes/helgrind_tool_en.html},
    urldate = {2025-03-13}
}

@online{ThreadSanitizer,
    title = {ThreadSanitizer - Clang},
    author = {{LLVM}},
    year = {2025},
    url = {https://clang.llvm.org/docs/ThreadSanitizer.html},
    urldate = {2025-03-13}
}

@online{ThreadSanitizerGithub,
    title = {ThreadSanitizerCppManual • Google/sanitizers Wiki},
    author = {{Google}},
    year = {2025},
    url = {https://github.com/google/sanitizers/wiki/threadsanitizercppmanual},
    urldate = {2025-03-13}
}

@online{RR,
    title = {rr: lightweight recording \& deterministic debugging},
    author = {{Mozilla}},
    year = {2025},
    url = {https://rr-project.org/},
    urldate = {2025-03-13}
}

@online{RRWiki,
    title = {Home · rr-debugger/rr Wiki},
    author = {{Mozilla}},
    year = {2025},
    url = {https://github.com/rr-debugger/rr/wiki},
    urldate = {2025-03-13}
}

@ARTICLE{IEEE-Requirements,
  author={},
  journal={IEEE Std 830-1984}, 
  title={IEEE Guide for Software Requirements Specifications}, 
  year={1984},
  volume={},
  number={},
  pages={1-26},
  keywords={Software engineering;System analysis and design;software;requirements;specifications},
  doi={10.1109/IEEESTD.1984.119205}
}

@techreport{INCOSE-Requirements,
  author       = {{International Council on Systems Engineering (INCOSE)}},
  title        = {{INCOSE Guide to Writing Requirements (Version 4) – Summary Sheet}},
  institution  = {INCOSE},
  number       = {INCOSE-TP-2010-006-04},
  year         = {2023},
  month        = {June},
  note         = {Requirements Working Group},
  url          = {https://www.incose.org/docs/default-source/working-groups/requirements-wg/guidetowritingrequirements/incose_rwg_gtwr_v4_summary_sheet.pdf}
}

@online{UseCases-Wikipedia,
    title = {Caso de Uso - Wikipedia, la enciclopedia libre},
    author = {{Wikipedia contributors}},
    year = {2024},
    url = {https://es.wikipedia.org/wiki/Caso_de_uso#cite_ref-2},
    urldate = {2025-03-21}
}

@techreport{Cook2017,
  author      = {Steve Cook and Conrad Bock and Pete Rivett and Tom Rutt and Ed Seidewitz and Bran Selic and Doug Tolbert},
  title       = {Unified {M}odeling {L}anguage Specification},
  version     = {2.5.1},
  institution = {Object Management Group},
  type        = {Standard},
  month       = Dec,
  year        = {2017},
  url         = {https://www.omg.org/spec/UML/2.5.1}
}

@article{ModeloEspiral,
  title={A spiral model of software development and enhancement}, 
  author={Boehm, Barry. W.},
  journal={IEEE Computer}, 
  year={1988},
  volume={21},
  number={5},
  pages={61-72},
  doi={10.1109/2.59}
}

@article{IEEE-Validation-Verification,
  author={},
  journal={IEEE Std 1012-2012 (Revision of IEEE Std 1012-2004)}, 
  title={IEEE Standard for System and Software Verification and Validation}, 
  year={2012},
  volume={},
  number={},
  pages={1-223},
  keywords={IEEE standards;Software testing;Formal verification;Hazards;Environmental factors;Product life cycle management;Security;Software reusability;environmental verification and validation (V&V) factors;hardware V&V;IEEE 1012;integrity level;independent V&V (IV&V);risk/hazard/security analyses;software life cycle;software V&V;system life cycle;system V&V;V&V;V&V measures;V&V of reuse software},
  doi={10.1109/IEEESTD.2012.6204026},
  urldate = {2025-04-20}
}

@onlice{codemirror,
    title = {codemirror/dev: Development repository for the CodeMirror editor proyect},
    author = {CodeMirror},
    year = {2024},
    url = {https://github.com/codemirror/dev},
    urldate = {2025-05-01}
}

@online{parcel,
    title = {parcel-bundler/parcel: The zero configuration build tool for the web},
    author = {Parcel},
    year = {2025},
    url = {https://github.com/parcel-bundler/parcel},
    urldate = {2025-05-01}
}
@online{socket.io,
    title = {socketio/socket.io: Realtime application framework (Node.JS server)},
    author = {Socket.IO},
    year = {2025},
    url = {https://github.com/socketio/socket.io},
    urldate = {2025-05-01}
}

@online{flask,
    title = {pallets/flask: The Python micro framework for building web applications},
    author = {Flask},
    year = {2025},
    url = {https://github.com/pallets/flask/tree/main},
    urldate = {2025-05-01}
}

@online{pygdbmi,
    title = {pygdbmi/pygdbmi: Python GDB MI interface},
    author = {Pygdbmi},
    year = {2024},
    url = {https://github.com/cs01/pygdbmi?tab=MIT-1-ov-file#readme},
    urldate = {2025-05-01}
}

@online{docker,
    title = {The Moby Project - a collaborative project for the container ecosystem to assemble container-based systems},
    author = {moby},
    year = {2025},
    url = {https://github.com/moby/moby},
    urldate = {2025-05-01}
}

@online{docker-compose,
    title = {docker/compose: Define and run multi-container applications with Docker},
    author = {Docker},
    year = {2025},
    url = {https://github.com/docker/compose},
    urldate = {2025-05-01}
}

@online{RR-Github,
    title = {rr-debugger/rr: Record and replay framework for debugging},
    author = {RR},
    year = {2025},
    url = {https://github.com/rr-debugger/rr},
    urldate = {2025-05-01}
}

@online{mit,
    title = {MIT License},
    author = {MIT},
    year = {2025},
    url = {https://opensource.org/licenses/MIT},
    urldate = {2025-05-01}
}

@online{rgpd,
    title = {General Data Protection Regulation (GDPR)},
    author = {European Union},
    year = {2025},
    url = {https://gdpr-infto.eu/},
    urldate = {2025-05-01}
}

@online{rgpd_art6,
    title = {Art. 6 GDPR - Lawfulness of processing - General Data Protection Regulation (GDPR)},
    author = {European Union},
    year = {2025},
    url = {https://gdpr-info.eu/art-6-gdpr/},
    urldate = {2025-05-01}
}


@online{rgpd_art5,
    title = {Art. 5 GDPR - Principles relating to processing of personal data - General Data Protection Regulation (GDPR)},
    author = {European Union},
    year = {2025},
    url = {https://gdpr-info.eu/art-5-gdpr/},
    urldate = {2025-05-01}
}

@online{ods,
    title = {Desarrollo Sostenible},
    author = {ONU},
    year = {2025},
    url = {https://www.un.org/sustainabledevelopment/es/},
    urldate = {2025-05-01}
}

@online{ods_4,
    title = {ODS 4: Educación de calidad},
    author = {ONU},
    year = {2025},
    url = {https://www.un.org/sustainabledevelopment/es/education/},
    urldate = {2025-05-01}
}
@online{ods_8,
    title = {ODS 8: Trabajo decente y crecimiento económico},
    author = {ONU},
    year = {2025},
    url = {https://www.un.org/sustainabledevelopment/es/economic-growth/},
    urldate = {2025-05-01}
}
@online{ods_9,
    title = {ODS 9: Industria, innovación e infraestructura},
    author = {ONU},
    year = {2025},
    url = {https://www.un.org/sustainabledevelopment/es/infrastructure-industrialization/},
    urldate = {2025-05-01}
}

@book{DistributedSystems,
  author = {Chapman and Hall/CRC},
  title = {Distributed Systems},
  publisher = {Chapman and Hall/CRC},
  year = {2014},
  edition = {2nd}
}